@online {IntelliJ,
    author="Andrei Solntsev",
    title="Intellij vs. Eclipse: Why IDEA is Better",
    url="https://dzone.com/articles/why-idea-better-eclipse"
}

@online {Kotlin,
    author="Magnus Vinther",
    title="Why you should totally switch to Kotlin",
    url="https://medium.com/@magnus.chatt/why-you-should-totally-switch-to-kotlin-c7bbde9e10d5"
}

@online {Testing,
    author="Philipp Hauer",
    title="Best Practices for Unit Testing in Kotlin",
    url="https://www.youtube.com/watch?v=RX_g65J14H0"
}

@online {Repository,
    author="Oliver Gierke and Thomas Darimont and Christoph Strobl and Mark Paluch and Jay Bryant",
    title="Spring Data JPA - Reference Documentation",
    url="https://docs.spring.io/spring-data/jpa/docs/current/reference/html/#repositories.core-concepts"
}

@online {TDD,
    author="Wikipedia",
    title="Test Driven Development",
    url="https://en.wikipedia.org/wiki/Test-driven_development"
}

@online {KotlinTDD,
    author="Uncle Bob",
    title="The Three Laws of TDD (Featuring Kotlin)",
    url="https://www.youtube.com/watch?v=qkblc5WRn-U&t=3416s"
}